
@incollection{goodman1979measures,
  title={Measures of association for cross classifications},
  author={Goodman, Leo A and Kruskal, William H},
  booktitle={Measures of association for cross classifications},
  pages={2--34},
  year={1979},
  publisher={Springer}
}

@article{li2010test,
  title={Test of association between two ordinal variables while adjusting for covariates},
  author={Li, Chun and Shepherd, Bryan E},
  journal={Journal of the American Statistical Association},
  volume={105},
  number={490},
  pages={612--620},
  year={2010},
  publisher={Taylor \& Francis}
}

@article{li2012new,
  title={A new residual for ordinal outcomes},
  author={Li, Chun and Shepherd, Bryan E},
  journal={Biometrika},
  pages={asr073},
  year={2012},
  publisher={Biometrika Trust}
}

@article{stefanski2002calculus,
  title={The calculus of M-estimation},
  author={Stefanski, Leonard A and Boos, Dennis D},
  journal={The American Statistician},
  volume={56},
  number={1},
  pages={29--38},
  year={2002},
  publisher={Taylor \& Francis}
}


@article{clayton1978model,
  title={A model for association in bivariate life tables and its application in epidemiological studies of familial tendency in chronic disease incidence},
  author={Clayton, David G},
  journal={Biometrika},
  volume={65},
  number={1},
  pages={141--151},
  year={1978},
  publisher={Biometrika Trust}
}

@article{dabrowska1988kaplan,
  title={Kaplan-Meier estimate on the plane},
  author={Dabrowska, Dorota M},
  journal={The Annals of Statistics},
  pages={1475--1489},
  year={1988},
  publisher={JSTOR}
}

@article{oakes1989bivariate,
  title={Bivariate survival models induced by frailties},
  author={Oakes, David},
  journal={Journal of the American Statistical Association},
  volume={84},
  number={406},
  pages={487--493},
  year={1989},
  publisher={Taylor \& Francis Group}
}

%%%%%% not referenced yet
@article{prentice1992covariance,
  title={Covariance and survivor function estimation using censored multivariate failure time data},
  author={Prentice, Ross L and Cai, Jianwen},
  journal={Biometrika},
  volume={79},
  number={3},
  pages={495--512},
  year={1992},
  publisher={Biometrika Trust}
}

%%%%%% not referenced yet
@article{van1996efficient,
  title={Efficient estimation in the bivariate censoring model and repairing NPMLE},
  author={Van Der Laan, Mark J and others},
  journal={The Annals of Statistics},
  volume={24},
  number={2},
  pages={596--627},
  year={1996},
  publisher={Institute of Mathematical Statistics}
}

%%%%%% not referenced yet
@article{van1997nonparametric,
  title={Nonparametric estimators of the bivariate survival function under random censoring},
  author={Van der Laan, MJ},
  journal={Statistica Neerlandica},
  volume={51},
  number={2},
  pages={178--200},
  year={1997},
  publisher={Wiley Online Library}
}

%%% Although the following article is from 2000, it is referred by other articles as 1998
@article{fan2000dependence,
  title={Dependence estimation over a finite bivariate failure time region},
  author={Fan, Juanjuan and Hsu, Li and Prentice, Ross L},
  journal={Lifetime Data Analysis},
  volume={6},
  number={4},
  pages={343--355},
  year={2000},
  publisher={Springer}
}

@article{fan2000class,
  title={A class of weighted dependence measures for bivariate failure time data},
  author={Fan, Juanjuan and Prentice, Ross L and Hsu, Li},
  journal={Journal of the Royal Statistical Society: Series B (Statistical Methodology)},
  volume={62},
  number={1},
  pages={181--190},
  year={2000},
  publisher={Wiley Online Library}
}

@article{moodie2005adjustment,
  title={An adjustment to improve the bivariate survivor function repaired NPMLE},
  author={Moodie, F Zoe and Prentice, Ross L},
  journal={Lifetime data analysis},
  volume={11},
  number={3},
  pages={291--307},
  year={2005},
  publisher={Springer}
}